@article{ep06,
  author = {Escoffier, Bruno and Paschos, Vangelis Th.},
  title = {{Completeness in approximation classes beyond APX}},
  journal = {Theoretical Computer Science},
  issue_date = {14 August 2006},
  volume = {359},
  number = {1},
  month = aug,
  year = {2006},
  issn = {0304-3975},
  pages = {369--377},
  numpages = {9},
  url = {http://dx.doi.org/10.1016/j.tcs.2006.05.023},
  doi = {10.1016/j.tcs.2006.05.023},
  acmid = {1167098},
  publisher = {Elsevier Science Publishers Ltd.},
  address = {Essex, UK},
  keywords = {NP-optimization problems, completeness, complexity, polynomial approximation, reductions},
}

@inproceedings{crescenzi97,
  author = {Crescenzi, P.},
  booktitle = {Computational Complexity, 1997. Proceedings., Twelfth Annual IEEE Conference on (Formerly: Structure in Complexity Theory Conference)},
  title = {{A Short Guide to Approximation Preserving Reductions}},
  year = {1997},
  pages = {262--273},
  doi = {10.1109/CCC.1997.612321},
  issn = {1093-0159},
}

@article{ap06,
  title = "Reductions, completeness and the hardness of approximability",
  journal = "European Journal of Operational Research",
  volume = "172",
  number = "3",
  pages = {719--739},
  year = "2006",
  issn = "0377-2217",
  doi = "10.1016/j.ejor.2005.06.006",
  url = "http://www.sciencedirect.com/science/article/pii/S0377221705005011",
  author = "G. Ausiello and V.Th. Paschos",
}

@inproceedings{almss92,
  author = {Arora, S. and Lund, C. and Motwani, R. and Sudan, M. and Mario Szegedy},
  booktitle = {Foundations of Computer Science, 1992. Proceedings., 33rd Annual Symposium on},
  title = {Proof verification and hardness of approximation problems},
  year = {1992},
  month = {oct},
  pages = {14--23},
  doi = {10.1109/SFCS.1992.267823},
}

@book{acgkmp99,
  title = {{Complexity and Approximation: Combinatorial Optimization Problems and Their Approximability Properties}},
  author = {Giorgio Ausiello and Pierluigi Crescenzi and Giorgio Gambosi and Viggo Kann and Alberto Marchetti-Spaccamela and Marco Protasi},
  isbn = {9783540654315},
  lccn = {99040936},
  year = {1999},
  publisher = {Springer}
}
