@article{ep06,
  author = {Escoffier, Bruno and Paschos, Vangelis Th.},
  title = {{Completeness in approximation classes beyond APX}},
  journal = {Theoretical Computer Science},
  issue_date = {14 August 2006},
  volume = {359},
  number = {1},
  month = aug,
  year = {2006},
  issn = {0304-3975},
  pages = {369--377},
  numpages = {9},
  url = {http://dx.doi.org/10.1016/j.tcs.2006.05.023},
  doi = {10.1016/j.tcs.2006.05.023},
  acmid = {1167098},
  publisher = {Elsevier Science Publishers Ltd.},
  address = {Essex, UK},
  keywords = {NP-optimization problems, completeness, complexity, polynomial approximation, reductions},
}

@inproceedings{crescenzi97,
  author = {Crescenzi, P.},
  booktitle = {Computational Complexity, 1997. Proceedings., Twelfth Annual IEEE Conference on (Formerly: Structure in Complexity Theory Conference)},
  title = {{A Short Guide to Approximation Preserving Reductions}},
  year = {1997},
  pages = {262--273},
  doi = {10.1109/CCC.1997.612321},
  issn = {1093-0159},
}
